<?xml version="1.0" encoding="UTF-8"?><collection xmlns="http://www.loc.gov/MARC21/slim"><record><leader>00373nam--2200133-i-4500</leader><controlfield tag="001">000026189</controlfield><controlfield tag="002">20161230</controlfield><controlfield tag="005">20161230201036</controlfield><controlfield tag="008">060222s1000------------r-----000-0-eng-d</controlfield><datafield ind1=" " ind2=" " tag="080"><subfield code="a">621.039.522</subfield></datafield><datafield ind1=" " ind2=" " tag="100"><subfield code="a">Karam, R. A</subfield></datafield><datafield ind1=" " ind2=" " tag="245"><subfield code="a">Measured physics parameters in a zoned fast uranium carbide core, assembly 4z</subfield></datafield><datafield ind1=" " ind2=" " tag="260"><subfield code="a">Washington, U.S.A.E.C., /F.A./, 22p</subfield></datafield><datafield ind1=" " ind2=" " tag="852"><subfield code="a">28588</subfield></datafield></record></collection>